2228 4020
919 327 992 426 Μ,

63 487 158 552 ienim
188 489 282 549 alters
307 486 346 548 ad
374 487 495 548 alterour
525 484 720 546 conditionem
751 494 899 562 transeat,
933 489 983 553 vel

62 590 111 652 ubi
132 597 279 651 tutentur
299 587 486 670 praecipites.
539 587 654 654 Quibus
679 584 844 667 inquirendi
866 591 979 672 regulis

64 692 249 768 constitutis,
272 692 335 773 jorn
357 691 530 752 audaciores
559 689 597 748 nd
623 689 741 769 plantas
761 690 979 757 Labrndoricas

62 795 226 856 Manus.

144 997 275 1064 (duarum
296 994 442 1076 originem
471 993 500 1054 si
520 999 654 1074 spectes,
684 992 762 1054 aliae
781 1012 893 1074 eaeque
913 997 979 1076 plu.

10 1158 13 1187 Ι
62 1095 151 1159 rinae
172 1098 226 1158 sub
247 1097 450 1177 septentrione
469 1084 614 1158 videntur'
626 1095 799 1177 indigenae,
828 1096 906 1157 aliae
926 1099 979 1158 ed-

61 1218 169 1274 venae,
208 1199 305 1271 aliae,
336 1197 480 1278 'quoniam
505 1197 642 1277 utrinqne
670 1204 701 1257 et
725 1195 806 1258 intra
835 1204 866 1259 et
892 1206 978 1262 extra

58 1305 155 1360 terras
177 1300 304 1360 arcticos
324 1298 505 1380 frequentius
528 1303 682 1372 crescunt,
703 1296 782 1360 inter
803 1287 931 1362 advenas
947 1309 979 1363 et
1000 1314 1003 1319 ’

60 1400 213 1483 indigenas
230 1401 423 1484 ambigentes,
444 1402 602 1462 nonnullae
623 1399 757 1479 denique,
781 1407 864 1462 trans
885 1404 998 1487 longa·
1074 1380 1078 1393 ι

59 1501 213 1565 intervalla
240 1503 270 1563 in
291 1503 431 1581 Alpibus,
459 1503 611 1575 Caucaso,
644 1500 750 1562 alibive
777 1512 975 1582 recurrentes,

60 1605 225 1685 multiplicis
248 1604 383 1686 originis.
427 1603 510 1664 Unde
522 1609 650 1683 quatuor
664 1611 825 1665 nascuntur
840 1605 974 1670 ordinere

59 1707 168 1787 primus
200 1705 288 1767 terris
317 1704 437 1766 anaticis
463 1705 668 1790 indigenas-un
687 1725 742 1766 seu
767 1729 832 1768 cere
850 1711 976 1770 mbo·

56 1828 140 1884 snm
162 1809 238 1867 alter
259 1807 435 1870 edvcnmn
457 1826 511 1868 scu
531 1810 630 1884 prosc
643 1810 839 1884 micmm
867 1809 975 1872 tertius

58 1909 280 1986 mh'gsunmm
302 1917 424 1990 quartus
438 1909 562 1990 denique
578 1908 783 1970 detractorum
796 1910 855 1983 vel,
870 1910 977 1991 quodsi

56 2002 126 2074 novi
152 2009 234 2072 verbi
254 2030 313 2071 nen
335 2011 451 2085 toedet,
482 2009 735 2088 distena‘gencaam.
788 2011 845 2072 flio
866 2019 973 2088 auteur,

55 2098 105 2175 nbi
127 2132 188 2172 non
208 2110 267 2172 nisi
289 2110 422 2173 deflere
451 2112 574 2192 quadan
594 2111 705 2172 arctico
725 2111 842 2194 agitur,
880 2113 976 2187 ult'unl

56 2212 168 2277 effluis
190 2213 323 2294 species,
346 2214 492 2296 neglectis
510 2234 609 2274 eamn
629 2214 733 2294 patriis
754 2213 973 2290 remotioribus,

54 2335 110 2396 per
129 2314 246 2396 priores
266 2322 328 2375 tres
351 2316 470 2376 ordines
491 2315 666 2376 distribuere
685 2315 779 2376 ratius
799 2316 893 2379 visun
915 2322 974 2380 est.

52 2419 99 2478 lic
129 2437 201 2479 vero
231 2423 325 2478 totorn
352 2418 433 2478 illarn
459 2418 631 2489 divisionem
660 2418 848 2479 fundamento
878 2417 974 2479 rniuus

53 2525 137 2580 certo
158 2518 308 2579 suffultam
328 2526 431 2598 putes,
460 2539 549 2599 quum
567 2519 683 2598 quidem
706 2517 838 2600 origines
860 2517 975 2598 specie-

52 2641 117 2681 runr
143 2640 203 2680 nou
232 2618 291 2680 nisi
320 2621 493 2700 conjectura
522 2618 631 2700 respici
657 2620 792 2700 possint:
839 2621 974 2682 attendas

51 2723 141 2786 selim
161 2727 192 2782 et
213 2721 305 2801 probe
326 2721 510 2802 distinguas,
534 2721 603 2802 quid
620 2721 736 2783 tandein
758 2721 880 2800 opinati,
905 2722 974 2804 qnid

52 2822 171 2905 experti
190 2823 234 2883 rei
255 2822 336 2883 insit.
388 2814 539 2903 Expertae
559 2828 629 2885 sunt
649 2823 812 2902 specierum
832 2824 864 2885 in
884 2824 973 2889 terris
1054 2856 1057 2861 ·

51 2925 173 2988 creticis
201 2929 291 3003 atque
318 2922 479 2986 confinibus
506 2925 554 2984 vel
582 2924 759 3009 abundantia
790 2928 839 2988 vel
864 2927 974 2989 raritas

50 3029 100 3091 sel
129 3024 279 3099 absentia3
320 3026 426 3089 abbiuc
453 3026 490 3086 ad
520 3025 683 3105 opinabiles
710 3008 810 3090 earum
841 3027 973 3109 origines

52 3135 140 3190 cante
161 3127 372 3189 descendimus.
426 3127 573 3189 Persistct
599 3127 695 3208 igitur
715 3128 821 3190 divisio
843 3136 873 3189 et
894 3127 973 3189 oanni

51 3231 223 3311 conjectura
243 3235 373 3304 remota,
396 3229 465 3306 sed,
488 3236 626 3311 tanqum
646 3230 735 3293 anirni
756 3228 971 3311 expavefacta,

50 3330 164 3396 inutilis
182 3331 353 3393 remanebit.
