2228 4020
954 278 975 321 ,
1061 290 1063 295 .

62 426 123 491 hue
143 412 229 490 illue
249 421 410 492 volvendo
431 432 466 491 ot
485 423 729 491 eeoumulotum
751 432 786 492 et
805 425 979 495 dilatatum

63 575 164 642 mnus
176 574 272 642 libris
284 576 372 642 lroul
390 576 620 661 ineommode,
637 583 673 645 ut
683 598 780 662 reor,
798 575 959 645 distribui.
987 580 989 587 ’

142 725 200 794 lle
212 727 330 814 primo,
344 728 415 795 sive
427 729 688 794 commendando
705 728 775 795 sive
787 718 979 796 exeusendo

64 900 178 965 purum
194 900 286 946 euro.
305 878 381 945 Nou
398 880 548 963 deerunt,
561 880 615 967 qui
628 901 684 946 me
695 899 762 946 non
776 880 891 967 plures
906 902 980 968 spe-

65 1032 130 1097 eies
148 1029 207 1096 vel
226 1030 442 1118 proposuisse
455 1030 565 1097 veleb
583 1030 658 1097 eliis
674 1031 862 1118 propositos
875 1031 977 1099 nilmi-

65 1184 145 1249 sisse
163 1183 363 1268 vituperent.
406 1181 480 1268 ligo
499 1190 610 1248 eutem
634 1182 667 1247 in
682 1180 734 1249 luis
749 1182 797 1250 nil
813 1163 1008 1256 arbitrarii,¹

67 1357 137 1401 esse
143 1335 273 1418 judieo,
285 1334 347 1400 sed
360 1333 658 1421 primumboteuiei
669 1331 813 1401 effleium
825 1352 978 1420 esse,ve·

68 1508 115 1552 ros
130 1486 267 1573 speeies
287 1483 497 1569 eoulirmere,
519 1485 668 1552 feetlties
690 1507 899 1573 expungere,
921 1484 978 1556 du·

65 1638 199 1726 biosque
238 1659 262 1703 o
295 1637 397 1705 nertio
436 1637 655 1724 distinguere3
703 1638 806 1724 quod,
852 1634 977 1727 quanto

62 1790 176 1856 inme
204 1797 296 1875 erut,
330 1789 469 1856 solertia
500 1797 535 1856 et
561 1790 857 1876 oireumspeotione
879 1810 977 1876 proe-

62 1940 137 2009 stiti.
180 1939 270 2015 Quid
290 1940 378 2007 enim
407 1941 603 2030 proedieeut
628 1939 774 2007 nonnulli
796 1942 838 2006 de
858 1949 975 2007 mutue

58 2093 242 2160 mmm
271 2090 335 2158 sibi
365 2089 520 2158 similium
553 2090 784 2160 substitutione
814 2101 849 2159 et
878 2091 973 2179 qussi

56 2243 387 2332 repraesentatione,
431 2265 494 2332 per
535 2265 634 2332 quom
680 2245 828 2310 severior
863 2243 975 2310 (liseri-

56 2397 184 2463 minum
210 2393 441 2482 speeifieorum
470 2396 670 2463 examinatio
687 2396 720 2462 in
741 2396 800 2480 iis,
821 2416 908 2482 quae
930 2397 975 2463 ml
1068 2441 1071 2448 ι

56 2546 303 2637 geographiam
333 2547 522 2635 plantarum
551 2525 736 2635 pertinent,
776 2547 975 2634 „uperuu'eo

55 2722 125 2769 neo
151 2701 336 2766 rodimur:
380 2701 416 2767 id
442 2722 498 2766 me
526 2720 592 2765 neu
624 2699 812 2787 intelligere
850 2685 974 2784 fateor,

56 2873 123 2920 neo
154 2850 222 2918 nisi
254 2849 483 2938 negligentiae
508 2852 675 2938 refugium
708 2872 786 2916 esso
813 2849 975 2937 suspicor.

60 3003 147 3070 lium
167 3023 269 3090 quum
300 3002 443 3070 inomni
468 3024 507 3071 ro
528 3002 686 3069 boteuiee
714 3002 872 3069 inviolate
904 3023 978 3089 spe·

10 3208 12 3217 1
63 3156 188 3225 eiorum
199 3154 376 3240 integritus
389 3162 489 3242 etque
502 3153 689 3220 eoustautie
703 3153 834 3220 unioum
848 3152 978 3220 firmum

10 3398 12 3403 Ι
66 3315 132 3394 ost,
153 3307 245 3396 quod
263 3307 390 3373 mreum
411 3306 467 3374 vel
478 3305 683 3392 singulorum
701 3307 890 3392 plantarum
905 3324 980 3373 mu-

66 3458 220 3546 tationes,
241 3477 326 3546 ques
346 3458 637 3546 metamorphosin,
657 3457 711 3525 vel
733 3457 874 3544 plurium
897 3458 982 3540 ejus-
