2228 4020
116 1517 162 1580 5⁰.
185 1514 309 1574 Galatea
330 1511 441 1574 medios
458 1510 604 1592 genuinos
619 1510 697 1573 voris
712 1520 800 1595 atque
822 1516 951 1575 autumni

69 1620 188 1705 opiores
211 1636 277 1677 csse
301 1616 399 1675 solare
421 1614 552 1696 genuino
573 1614 665 1675 totius
687 1616 755 1674 anni
777 1616 869 1678 calori
892 1640 952 1679 mc-

69 1744 91 1799 1,
116 1740 202 1803 quam
225 1716 381 1778 earundem
402 1717 471 1776 anni
492 1723 695 1797 tempestatum
716 1718 844 1797 spurios.

118 1891 262 1952 Libenter
283 1886 436 1960 confiteor,
459 1887 551 1968 longe
572 1886 659 1967 plura
679 1885 727 1948 hic
742 1887 956 1949 consideranda

68 2014 103 2056 aa
129 1998 293 2071 momenta,
328 1989 481 2070 omniaque
503 1990 592 2049 altius
612 1989 789 2069 repetenla3
822 2010 877 2050 neo
898 1991 956 2051 nisi

69 2103 177 2156 :curata
198 2092 323 2174 plurium
344 2092 509 2151 tabularum
535 2091 831 2173 meteorologicorum
851 2114 891 2153 ex
912 2094 956 2153 di·

69 2196 214 2259 ers‘isaimis
244 2194 417 2275 regionibus
445 2194 664 2272 comparatione
684 2192 779 2269 iacta,
817 2196 864 2256 vol
886 2215 957 2255 cou-

69 2300 179 2361 manda
199 2299 247 2359 val
267 2296 393 2357 forsitan
415 2292 620 2377 restringenda
642 2316 719 2357 asso.
762 2296 835 2357 llam
861 2303 959 2356 tamen

69 2404 145 2465 riter
165 2400 313 2480 attingere
329 2397 417 2457 malui
433 2417 517 2477 quam
534 2397 705 2477 praeterire,
728 2404 762 2459 ut
776 2398 956 2473 admoneam,

69 2526 99 2565 on
121 2511 156 2564 ut
177 2503 298 2562 doceam
319 2500 474 2559 botanious
496 2501 730 2580 meteorologoa.

127 2658 194 2719 Jam
217 2654 310 2736 igitur
330 2650 419 2712 redeo
442 2653 477 2711 ad
500 2651 693 2733 propositum.

129 2827 173 2887 Ad
211 2823 325 2884 radices
361 2822 458 2882 Uralis
497 2821 655 2882 orientales
694 2821 832 2901 planities
861 2821 966 2902 incipit

69 2928 173 2989 mnium
198 2934 344 2987 terrarum
369 2922 553 2998 vastissima,
582 2923 649 2983 inde
671 2925 708 2983 ab
732 2925 795 2983 0bo
817 2922 906 2985 fluvio
930 2924 967 2983 od

69 3040 153 3091 retum
173 3049 267 3110 usque
289 3026 517 3106 Bohringianum
545 3025 596 3088 vix
617 3026 686 3086 ullis
708 3027 854 3087 montibus
876 3026 967 3085 inter·

69 3141 144 3214 epta.
189 3134 270 3192 Rara
294 3130 369 3189 euim
390 3127 518 3187 Sibiriae
544 3127 744 3188 meridionalis
766 3133 880 3188 montes
902 3148 969 3207 sep·

69 3236 224 3296 catrianam
244 3252 348 3294 vorsus
371 3227 539 3303 deflectunt,
562 3228 613 3291 vix
636 3230 720 3289 11111111
742 3249 822 3288 mare
843 3229 971 3308 glaciale

70 3338 208 3417 ttingunt.
252 3334 309 3393 Vix
339 3340 436 3391 {autern
463 3333 525 3391 ulla
552 3340 696 3391 terrarum
717 3351 786 3410 pars
808 3338 971 3391 amaturae

69 3436 266 3497 cantatoribus
296 3438 351 3494 hac
379 3433 474 3513 magis
503 3434 641 3514 neglecta
670 3439 730 3505 est,
765 3430 790 3490 si
813 3432 867 3489 11111
890 3433 970 3512 ripas

69 3540 187 3619 maipa,
215 3558 288 3618 quas
311 3535 441 3598 visitavit
463 3539 579 3609 Susum,
614 3542 643 3597 et
665 3536 702 3594 ad
725 3534 788 3619 ejus
811 3535 906 3594 relata
926 3535 971 3594 fu-
