2228 4020
867 309 930 364 207

19 470 123 532 dorem
158 466 324 549 aagendam
350 486 417 532 essc
445 465 631 541 existimant,
675 486 738 530 neo
763 469 821 532 nisi
846 479 934 533 nato·

19 575 156 634 chthooos
184 575 326 631 statuant.
376 570 641 650 Deprehenduotur
661 571 737 633 enim
758 573 836 635 houd
863 567 934 635 re're

19 675 134 755 pisum
152 674 202 734 rel
224 652 384 753 migrantes
405 673 453 734 rol
474 671 629 731 manifeste
657 692 762 733 recens
789 676 935 756 migratoo

20 775 161 836 inbonis
183 775 266 855 agris
288 774 397 854 sylvis,
429 772 637 835 induviarum
664 775 736 854 ripis
757 776 936 857 mariamque

20 862 180 950 littoribus,
215 895 269 936 nec
296 897 355 935 non
377 876 407 935 in
429 875 577 935 derelictis
607 877 754 937 hominurn
781 878 936 942 domiciliis

20 980 224 1058 irumrumqne
252 977 415 1050 cubiliburq
447 996 502 1036 nec
529 979 599 1037 ullo.
617 997 738 1058 usquam
760 980 847 1038 datar
868 981 936 1042 abs·

22 1101 75 1162 ope
92 1079 269 1162 propaginis
295 1079 473 1160 migratione
495 1080 683 1160 propagatio.
733 1080 871 1153 Accedit,
903 1088 937 1142 nt

22 1186 126 1245 sulus
141 1184 265 1262 'plantae
296 1181 414 1261 saepius
443 1181 518 1240 locis
539 1181 655 1241 minime
677 1184 851 1263 opportunis
873 1185 937 1243 ioue

22 1292 144 1366 questa
173 1291 203 1343 et
222 1291 360 1364 tanquam
387 1283 497 1344 inritae
524 1268 677 1356 crescent,
709 1302 796 1363 quum
828 1291 935 1358 tamen,

21 1387 73 1447 sisi
96 1386 258 1447 omnivori
280 1385 466 1445 similitudine
488 1392 602 1464 spreta,
626 1405 727 1444 earum
750 1387 936 1448 oriundarum

21 1509 125 1563 enrrsos
147 1488 263 1549 nonnird
285 1488 360 1548 iocis
382 1486 506 1547 maxime
527 1486 641 1546 idoneis
654 1504 805 1565 quaerere
827 1490 937 1567 porsiso

21 1591 95 1658 (inis
124 1590 241 1649 modom
268 1609 327 1651 aon
360 1589 433 1648 ridit
466 1589 600 1655 arborem
641 1588 764 1667 copiosa
795 1590 939 1675 progenie

22 1691 245 1765 circumdatam,
268 1709 322 1750 seu
344 1691 439 1762 hanc,
462 1689 514 1749 illo
532 1690 594 1768 jam
616 1709 713 1762 caesa,
737 1691 936 1769 superstitem

20 1795 87 1877 qni,
119 1794 196 1855 unda
223 1791 360 1872 profecte
386 1786 485 1865 auct,
520 1792 660 1851 continuo
689 1812 749 1851 non
775 1794 937 1855 sensissett
966 1837 971 1847 ·

23 1896 121 1979 una
141 1895 228 1974 hujus
249 1913 315 1954 cunr
328 1893 513 1974 integrarum
521 1893 654 1972 stirpium
668 1895 939 1974 circumscriptione

21 1997 179 2059 similitudo
201 1997 251 2056 sit.
296 1998 364 2062 Quo
387 1996 529 2067 communi
550 2006 687 2075 tanquam
708 1995 783 2055 fonti
805 1998 942 2076 propiore*

21 2121 63 2169 on
76 2099 197 2160 lectiae
210 2105 351 2178 vegetant
371 2098 498 2170 surculi,
522 2117 617 2177 eoque
632 2098 750 2158 densius
765 2119 939 2174 contexeret

20 2207 197 2264 damtunam
228 2201 297 2279 pari
322 2200 646 2279 circumcircapsssu,
677 2200 730 2258 sed
760 2221 818 2280 quo
847 2203 940 2263 intere

20 2305 118 2366 solum
147 2300 260 2363 alendit
286 2303 459 2382 tuendisque
486 2302 625 2380 plantnlis
657 2302 752 2383 magis
784 2303 941 2382 propitium

20 2412 106 2478 arat,
130 2425 167 2464 eo
190 2403 314 2465 ulterius
335 2420 527 2483 prorepsere
575 2405 678 2483 Neque
703 2423 791 2465 secus
813 2406 940 2483 species.

18 2511 103 2568 Sunt-
119 2507 233 2585 quiden
246 2505 331 2581 ¹ulisse
353 2506 389 2563 ad
411 2505 572 2567 solitariam
594 2505 684 2566 ritum
707 2504 869 2585 degendam
880 2527 942 2569 mae

15 2609 254 2692 gisproeiircs,
286 2607 363 2667 eliac
390 2607 427 2665 ad
454 2606 613 2679 socialem
645 2607 697 2665 sed
724 2607 818 2666 media
840 2615 943 2669 exten·

20 2711 116 2772 sionis
145 2729 217 2770 areo
253 2727 442 2789 quaecunque
476 2708 567 2787 stirps
606 2707 725 2778 densior
759 2719 944 2791 congregata

19 2812 147 2884 crescit,
188 2830 243 2870 nee
274 2811 339 2890 ipsa
368 2811 631 2890 curruumque
658 2809 765 2869 ceteris
794 2810 944 2892 inhospita

20 2892 80 2975 aad
124 2912 203 2981 euin
224 2931 300 2992 ergo
320 2913 384 2976 reri
405 2921 452 2973 est
473 2911 606 2985 similius,
631 2931 715 2992 quem
738 2912 816 2991 quod
828 2915 942 2993 species

16 3035 121 3096 aeque
138 3034 174 3074 ae
196 2994 333 3094 siagriae
348 3017 488 3093 plantae,
521 3035 560 3075 cx
575 3034 639 3075 nne
661 3033 750 3074 cause
771 3023 872 3088 ortae,
904 3016 942 3077 ab

20 3137 83 3178 ano
113 3119 181 3203 ioco
211 3116 380 3195 profectae,
420 3136 487 3177 sese
514 3117 707 3196 propagando
734 3136 830 3177 aream
860 3137 943 3180 sue·

16 3218 166 3300 ,paulatim
187 3219 379 3291 diiatosseot,
403 3226 448 3290 et,
472 3220 620 3279 luctantes
640 3237 706 3287 cum
726 3219 881 3292 rivalibus,
905 3219 943 3279 ad

23 3323 102 3381 hunc
124 3320 199 3379 diem
222 3321 545 3401 dilatarozpergerentt

111 3423 197 3490 eroe
219 3429 368 3503 quatenus
384 3422 421 3482 iis
442 3421 585 3500 'stirpibus
606 3419 853 3484 accommodanda·
871 3420 942 3496 sint‚
1069 3460 1072 3465 -

25 3543 102 3605 quea
129 3525 266 3586 discretis
296 3524 375 3585 areis
405 3522 523 3600 virent,
552 3525 750 3606 explicatione
775 3543 836 3586 roo
856 3529 944 3605 eget3
