2228 4020
929 318 991 376 135

24 506 32 541 .·
71 481 343 554 cotenon-sporum
365 478 436 551 dixi,
460 483 625 554 agnomen
652 479 782 560 ejusdem
809 481 918 543 mensis
939 500 990 543 oa·

10 590 34 829 ¹
70 585 132 643 lore
158 581 272 655 medio,
302 602 341 641 ox
364 581 600 641 observationum
622 581 856 660 quotidianorum
878 603 989 645 summa

69 684 298 765 disquerenda,
332 681 383 746 vix
405 703 463 742 uno
485 682 584 743 scalae
606 683 870 745 Faironlreitionae
893 687 988 767 gradu

69 787 205 857 recodere
219 787 327 845 solere.
373 778 609 847 Observationes
624 784 904 864 Pysclrrninscenses
918 764 987 849 lon-

69 909 105 969 ge
120 888 210 947 uliam
225 886 367 946 rationem
382 885 512 947 indicare
531 886 688 973 ridentur.¹
720 887 865 948 ianuario
888 908 988 951 mense

10 1002 37 1079 ζ..
68 989 258 1051 differentiam
280 988 357 1048 inter
380 990 508 1048 calorem
530 989 664 1062 medinm,
686 988 817 1069 spurium
838 996 869 1050 et
880 990 987 1073 genui-

17 1088 32 1133 7
69 1114 133 1153 nom
155 1092 296 1153 exhibent
316 1090 442 1170 quinque
465 1090 610 1171 graduum
631 1090 844 1165 Celsinnmnm,
868 1092 918 1172 qui
938 1112 986 1153 re·

14 1238 26 1253 .
67 1195 211 1275 spondent
249 1212 352 1254 norem
381 1192 645 1253 Fahrenheitianis.
689 1192 792 1272 Neque
825 1193 986 1275 singularis

67 1296 216 1377 enjusdam
244 1295 447 1357 alrnormitetis
477 1294 643 1355 differentia
674 1294 728 1355 illa
755 1295 841 1376 argui
872 1300 982 1374 potest,

66 1418 149 1478 quum
186 1415 240 1477 per
273 1396 403 1476 reliquos
439 1417 553 1456 menses
590 1396 736 1478 gradatim
772 1404 802 1456 et
831 1396 985 1457 ordinatim

10 1494 23 1529 ¹*
65 1500 156 1580 primo
177 1499 351 1559 decrescant
372 1502 428 1559 irae
450 1498 643 1572 differentiae,
668 1505 756 1578 atque
778 1488 817 1559 ei
836 1498 985 1576 negativis

10 1594 28 1689 ξ
63 1601 134 1662 liant
155 1601 319 1681 positivaer
343 1607 504 1680 tannero,
527 1600 629 1662 iterum
646 1596 758 1661 mutato
780 1580 882 1665 valore
903 1601 985 1681 posi·

10 1704 16 1733 ²
63 1705 123 1766 tiro
152 1704 184 1763 in
213 1703 399 1783 negativum,
439 1721 534 1782 aequo
565 1700 628 1762 sere
660 1722 751 1782 passu
773 1703 982 1777 increscentes,

63 1806 130 1866 anni
144 1804 287 1864 circulum
305 1805 472 1867 absolvant.
517 1805 594 1864 Sunt
609 1804 723 1884 quidem
746 1805 984 1886 irregularitatos
1073 1848 1076 1852 -

10 1878 28 1907 ἢ
63 1907 203 1989 quaedam
236 1907 310 1968 satis
332 1906 521 1986 perspicuae,
556 1926 583 1965 e.
605 1926 638 1986 g.
662 1924 698 1966 oa
719 1906 985 1988 quoddifferentia

62 2032 115 2090 pro
137 2010 220 2090 Majo
242 2030 341 2069 mense
370 2008 516 2091 positiva,
553 2027 608 2087 pro
639 2006 736 2070 lunio¹
758 2009 899 2091 negativo
925 2015 982 2082 est,

63 2110 154 2193 eaque
177 2111 256 2192 quod
278 2110 404 2171 maxima
431 2108 598 2171 differentia
619 2110 747 2190 positiva
768 2112 906 2192 Augusto
928 2130 984 2170 neo

62 2215 143 2274 lulio
172 2232 272 2272 mense
301 2211 428 2293 contigit
456 2232 483 2273 e.
512 2233 538 2273 s.
568 2232 596 2292 p.
642 2214 746 2272 Verum
776 2220 873 2272 tamen
895 2228 982 2292 quam

59 2316 118 2396 jam
141 2314 228 2374 nnius
250 2315 319 2373 anni
349 2313 575 2377 observationes
597 2315 764 2394 regularem
786 2314 928 2396 quendam
949 2319 981 2373 et

61 2417 231 2478 incrementi
267 2424 298 2477 et
332 2417 508 2475 decrementi
547 2424 679 2477 tenorem
719 2420 778 2475 tam
816 2415 981 2477 luculenter

63 2520 236 2592 ostendant,
260 2538 320 2576 non
342 2516 443 2579 dubito
465 2517 541 2591 foro,
565 2525 598 2579 ut
619 2538 659 2579 ox
679 2516 817 2597 longiore
840 2517 979 2589 observa-

61 2623 173 2683 tionum
209 2620 287 2681 serio
320 2620 370 2680 lex
404 2618 524 2699 opinata
552 2619 660 2680 clarior
687 2625 718 2678 et
737 2618 841 2698 purior
860 2618 978 2701 appari-
1059 2667 1061 2671 .

61 2732 127 2785 tura
149 2710 199 2784 sit.

145 2825 276 2904 Optimos
298 2843 429 2904 quasque
450 2823 570 2904 tabulas⁸
588 2822 838 2903 meteorologicas
861 2842 979 2903 compa·

60 2928 142 2988 randi
165 2926 284 2987 occasio
305 2926 376 2985 milri
397 2927 515 2998 deerat3
540 2921 846 3007 Wirceburgenser*)
869 2932 975 2997 autom,

60 3051 111 3110 per
137 3027 272 3089 undecim
304 3034 334 3086 et
360 3049 414 3109 pro
443 3034 528 3108 parte
554 3047 608 3106 per
628 3027 766 3086 tredecim
789 3008 978 3099 annossnec

59 3152 117 3192 non
146 3127 416 3212 Godanenses**)‚
453 3150 508 3210 per
540 3129 742 3210 duodeviginti
764 3149 857 3209 annos
879 3127 976 3187 conti-

124 3354 152 3412 ')
188 3355 311 3405 Sauone,
336 3349 596 3410 Wintemgslunde.
630 3351 689 3397 Tnb
707 3348 757 3396 Ν.

126 3421 164 3477 **)
198 3422 378 3476 Kneerenu,
411 3418 634 3480 Meteorologircte
656 3415 915 3477 annosarum-
942 3417 976 3463 ln

61 3488 312 3549 neocaesaraea
329 3486 375 3532 der·
394 3485 643 3547 meruerant-coenan
671 3482 838 3542 Gmldrcdast
853 3498 886 3531 sa
903 3485 976 3535 Irn-

57 3558 110 3625 zr'g.
149 3556 227 3606 Band
242 3558 280 3606 ΙΙ.
299 3557 367 3618 Heft
384 3558 408 3603 1.
442 3555 522 3603 Baldo
541 3556 616 3609 1826.
631 3550 661 3602 ’4.
680 3554 747 3602 nnn.
765 3552 801 3599 ΙΙ.
