2228 4020
910 336 970 395 cao
1082 316 1102 354 ³

49 493 239 573 paucioribus
260 493 345 556 lineis
362 503 514 556 exaratam
526 493 694 576 perfecerit,
718 514 804 577 quam
819 494 971 580 woooa),
1040 486 1043 491 ’

49 597 210 679 naufragus
242 594 386 677 qnondam
414 599 491 658 lraud
519 599 622 679 procul
644 618 662 657 a
683 599 886 676 promontorio
908 618 970 659 nra-

48 697 124 757 xime
155 699 380 778 septentrionali
407 702 461 760 sub
490 700 548 762 74⁰
569 701 624 760 40‘
655 702 707 759 lat.
731 699 796 760 bor.
840 701 970 763 Maxima

48 806 144 859 terrae
157 800 248 880 pars,
270 821 307 861 eo
329 807 417 875 teste,
442 802 479 861 ad
500 778 625 863 medium
646 821 773 862 mensem
791 801 902 863 Julium
923 802 968 862 ni·
1010 864 1014 871 ,

48 922 81 963 ve
102 902 209 962 obruta
231 910 305 976 erat,
330 903 462 983 exceptis
485 904 644 977 montibus,
668 903 727 984 qui,
751 909 784 961 ut
804 902 869 963 fieri
890 904 970 965 solet

48 1003 75 1063 is
94 1005 188 1084 plnga
208 1005 330 1078 arctico,
353 1005 438 1085 primi
455 1012 484 1065 et
498 1005 562 1064 lere
579 1006 637 1064 soli
658 1006 788 1084 hyemem
811 1012 966 1068 exuerant.
1010 1078 1014 1083 Ι

48 1104 229 1186 Vegetobilia
260 1106 517 1186 conspiciebantur
538 1108 634 1180 nulla,
666 1106 724 1166 nisi
745 1107 836 1166 musei
858 1125 965 1188 genus,
1011 1172 1014 1178 ,

48 1212 78 1267 ut
95 1207 192 1269 fertur
219 1206 342 1269 floribus
374 1209 517 1269 caeruleis
539 1207 680 1290 flavioque
702 1207 891 1288 conspicuum
913 1204 968 1290 (aa

48 1309 194 1371 liclrcuesl
223 1330 260 1369 an
283 1312 413 1391 Splaeha
441 1311 507 1371 allis
535 1311 643 1379 muscis
674 1307 813 1388 mixtall.
865 1308 965 1370 Nihilo

28 1410 137 1471 'ninus
170 1412 275 1472 humus
307 1413 457 1492 copiosior
485 1419 566 1486 erat,
603 1432 688 1493 quam
709 1412 801 1492 vulgo
823 1411 853 1470 in
875 1410 964 1472 terris

45 1504 182 1609 aretiois3
207 1515 244 1572 ad
264 1514 340 1591 duos
362 1514 438 1576 enim
459 1515 549 1595 pedes
570 1513 634 1574 fodi
654 1519 782 1596 poterat,
805 1519 876 1573 tune
897 1514 964 1596 gla-

10 1654 15 1694 ,
44 1614 102 1675 das
122 1615 312 1677 succedebat.

10 1698 15 1731 l

185 1770 247 1843 12.
299 1750 470 1842 storria
494 1770 816 1843 occidentalis.

121 1905 243 1966 Uralem
270 1912 397 1965 montem
424 1901 482 1965 no'n
513 1907 602 1966 modo
630 1905 659 1966 iu
686 1905 810 1985 regione
838 1902 960 1978 arctico,
993 1918 997 1925 ’

39 2006 89 2067 mo
110 2007 143 2067 in
166 2013 328 2086 temperata
350 2006 439 2072 etiam
458 2028 519 2067 uno
540 2008 672 2088 pluribus
693 2007 780 2079 locis,
803 2005 880 2066 inter
902 2004 962 2066 alia

10 2124 131 2225 'propa
154 2106 364 2169 Werchomrie
392 2108 469 2169 inter
491 2112 626 2171 Soswaru
648 2113 679 2167 et
700 2108 884 2167 Wlsclreram
905 2105 962 2167 fln·
996 2135 1002 2143 ·

29 2200 119 2285 rios,
154 2214 298 2291 perpetua
319 2209 386 2270 nive
407 2210 516 2290 premi,
540 2231 577 2269 ex
597 2207 813 2291 Pleromate)
836 2209 962 2289 aliisque

36 2313 167 2373 scimus:
207 2312 260 2372 sed
288 2312 323 2370 de
360 2311 436 2374 nivis
473 2312 645 2372 arborumve
678 2310 809 2370 terminis
844 2311 874 2369 in
911 2309 960 2370 his

11 2415 187 2487 ¹montibus
217 2413 258 2473 nil
290 2421 416 2472 constat.
461 2414 539 2479 Quid
570 2413 648 2492 quod
678 2431 715 2471 ne
736 2410 821 2470 unius
844 2411 959 2492 quidam

10 2516 145 2605 ¹noritis
175 2514 362 2574 altitudinem·
392 2515 544 2590 novimum·
572 2534 638 2574 nam
669 2512 799 2573 Paulam
829 2519 960 2573 montem

10 2618 141 2715 'litto‘¹
156 2636 249 2696 supra
269 2616 496 2696 hybernaculum
518 2616 729 2695 Subpaudense
750 2634 894 2695 surgere,
927 2619 960 2675 et

37 2720 135 2781 mue*
147 2737 241 2797 supra
253 2737 343 2791 mare,
368 2718 410 2777 uti
425 2714 658 2799 Gmunraus***)
677 2722 781 2775 auctor
803 2723 860 2791 ast,
884 2715 958 2788 mul·

37 2818 77 2881 iffi
94 2820 194 2901 iisqne
216 2819 398 2900 gravissimis
422 2820 560 2898 premitur
582 2817 688 2877 dubiis.

10 2918 14 2967 ἶ
121 2922 351 2983 Observationes
374 2921 513 3000 quaedam
535 2918 784 3000 meteorologicae
806 2918 959 2981 institutae

10 3036 18 3113 [¹
41 3017 69 3081 ἰι
98 3022 209 3102 oppido
235 3023 447 3102 Pyschmiusk‚
480 3021 558 3102 quod
580 3022 617 3082 ad
638 3022 755 3082 Uralem
786 3020 958 3082 orientalem

104 3241 131 3299 ‘l
167 3240 334 3301 Description
350 3240 479 3289 succinere
497 3243 533 3288 dn
548 3255 614 3303 pays
632 3250 659 3289 at
681 3244 811 3301 qnslqnes
833 3241 957 3289 observa·

50 3306 107 3359 mur
123 3326 169 3360 rur
184 3314 213 3359 la
236 3313 365 3359 Nouvella
389 3312 514 3368 Zemble3
541 3324 589 3369 par
606 3310 713 3359 Woon.
734 3335 765 3346 -·
798 3309 831 3356 ln
847 3308 960 3357 Beanall

51 3377 77 3425 le
90 3379 215 3441 voyages
232 3393 266 3425 au
284 3380 365 3436 mora,
385 3378 462 3426 Tam.
481 3379 518 3424 11.
536 3393 596 3439 pap.
616 3379 667 3425 3⁵7
683 3392 741 3436 sqq.

105 3446 143 3504 “l
179 3445 253 3497 usia
277 3446 356 3493 durclr
379 3445 551 3493 vneclriedene
571 3445 711 3494 Prouiuasu
734 3443 780 3492 des
804 3440 959 3493 Romamn

56 3510 138 3563 Mar.
174 3516 252 3575 Tem.
271 3515 308 3562 ll.
327 3528 386 3573 pag.
404 3514 465 3563 252.
1014 3520 1016 3526 '

87 3580 157 3640 'ml
171 3606 177 3615 -
189 3580 286 3632 Florae
303 3580 440 3640 Sibirieac,
458 3582 536 3631 Tom.
554 3580 578 3631 1.
596 3578 710 3641 praefer.
734 3592 795 3641 pag.
818 3590 958 3633 xxxrm.

11 3714 20 3771 i
