2228 4020
151 283 185 327 Vl

97 441 100 446 ’
155 434 231 501 dem
253 431 365 537 stirpis
386 429 634 514 adunationes,
669 446 753 518 quas
777 429 980 515 varietates,
1016 432 1071 498 vel

153 585 302 674 ipserum
324 583 472 670 stirpium
503 581 750 668 similitudines,
784 603 868 670 quas
889 581 1071 650 affinitates

59 747 61 750 ’
154 736 286 822 dieunt,
326 744 487 823 perpetuu
521 735 623 802 fluetu
652 735 823 839 feruntur,
860 756 923 822 quo
951 737 1070 804 relieto

155 896 329 977 speetatur
347 888 422 990 ipse
441 887 603 975 vertigine
630 887 752 974 uumipi
772 880 876 956 solet:
913 896 984 955 tum
1005 911 1071 955 ma

155 1041 246 1108 xime
274 1042 309 1108 in
345 1039 552 1128 geographia
585 1039 791 1128 plantarum,
831 1039 889 1107 ubi
921 1040 1071 1108 diversas

141 1191 344 1280 .pleutarum
371 1192 498 1259 formas
525 1213 590 1259 nun
622 1192 729 1260 sulum
751 1193 970 1280 distinguere,
1009 1194 1071 1262 sed

157 1345 260 1411 etiam
273 1345 446 1414 distinctas
467 1347 512 1413 ad
530 1366 701 1412 numerum
714 1346 801 1412 inter
821 1369 859 1412 se
874 1367 1070 1433 eomparare

73 1525 74 1532 ¹
157 1504 305 1584 oportet,
340 1507 433 1565 certo
454 1497 627 1588 stabilique
658 1499 714 1565 illo
735 1499 951 1568 fimdamentu
973 1498 1072 1565 desti·

156 1655 248 1716 mnus
269 1651 346 1739 quid
369 1640 534 1739 profluere
564 1652 673 1738 possis
699 1673 765 1718 nun
791 1652 904 1736 video,
933 1654 1070 1739 jamque

154 1823 203 1889 ue
216 1809 260 1869 ut
279 1802 426 1871 infantes
445 1826 582 1891 peeues,
605 1803 659 1892 qui
679 1826 779 1871 unum
801 1804 949 1892 digitum,
971 1828 1070 1871 uuum

158 1913 331 2022 bsaehium
355 1965 390 2023 et
409 1979 509 2024 unum
530 1958 708 2043 huminem,
730 1957 881 2024 homines
902 1966 973 2026 tres
995 1980 1071 2024 esse

159 2073 547 2195 dieuutperiuulumest
565 2108 808 2197 lngeugnusia,
819 2106 1071 2196 quamlapidum

159 2259 400 2347 gauguaphiam
421 2259 575 2348 dixerim,
606 2271 729 2349 quauta
750 2261 921 2348 diligentia
941 2261 1071 2335 ealcum

159 2431 183 2475 a
204 2410 317 2498 ualee,
351 2413 479 2481 silidam
501 2436 523 2480 a
543 2372 655 2498 silius,
692 2413 860 2482 simillima
879 2435 1029 2502 quaeque
1051 2436 1073 2478 a

160 2561 351 2650 simillimis,
384 2567 447 2633 nisi
477 2569 625 2650 ejusdem
655 2567 729 2633 aevi
761 2568 909 2649 ejusdem
938 2567 1072 2652 originis

125 2748 127 2751 ·
160 2724 254 2800 aunt,
292 2715 530 2786 disariminautl
574 2718 620 2787 Et
647 2718 820 2785 botauiuus
856 2739 922 2783 non
957 2720 1070 2804 pudet,

156 2865 312 2956 plantas,
334 2887 420 2956 quae
440 2871 517 2937 iude
539 2869 582 2937 ab
602 2871 741 2957 origine,
763 2870 797 2936 id
819 2879 872 2936 est
892 2891 977 2956 quaa
1000 2891 1072 2956 spe

161 3017 257 3114 silice
278 3017 449 3109 diffamat,
481 3045 555 3090 eum
576 3022 753 3091 levioribus
776 3031 810 3089 et
829 3031 986 3109 tanquam
1007 3021 1072 3086 for·

111 3199 127 3255 j
160 3173 251 3240 tultis
272 3196 386 3242 aarum
406 3175 622 3243 varietatibus
641 3176 882 3242 eummiseerel
923 3172 1071 3239 Difficul-

123 3291 240 3392 ¹latis
272 3336 306 3396 et
341 3327 566 3415 ambiguitatis
600 3329 814 3396 excusatione
841 3335 990 3410 utuntur,
1028 3345 1070 3389 au

157 3479 246 3565 jure,
268 3481 398 3548 neseio:
421 3482 557 3567 plautae
573 3479 657 3550 edim
675 3456 882 3549 differentias
896 3474 1071 3565 speeifioas
