2228 4020
164 320 226 375 140

108 488 111 495 '
160 485 223 545 sius
251 479 407 562 descripsit
437 477 615 563 urrunsa).
659 482 729 547 Quo
756 500 796 540 ex
823 478 907 542 fonte
928 480 1079 563 sequentis

158 586 255 659 bauai,
280 585 386 644 additis
406 583 555 643 nonnullis
578 603 617 643 ex
639 583 793 642 Guouoro.

242 688 373 768 Frugunr
404 687 521 746 cultura
554 684 662 745 desinit
696 686 727 743 in
754 684 909 766 provincia
937 686 1077 745 Tobolsk

159 788 277 850 circiter
305 809 369 849 cum
401 790 458 851 600
478 791 532 849 lat.
575 789 649 846 Nam
672 807 765 867 prope
786 786 929 847 Samarof
947 788 1004 847 sub
1025 788 1077 850 600

159 895 213 953 36¹
234 912 294 951 non
315 891 372 950 nisi
394 890 534 950 bordeum
557 897 645 969 atque
668 909 762 950 avena
776 892 923 964 coluntur,
948 896 981 949 et
992 890 1075 950 semel

158 994 262 1073 quovis
293 990 419 1054 triennio
451 992 555 1052 messis
586 991 679 1051 amitti
712 993 812 1066 solet3
848 1012 942 1073 prope
965 994 1074 1073 Surgut
1100 1026 1106 1075 p

158 1102 255 1155 autern
284 1096 338 1155 sub
367 1095 423 1157 610
446 1094 501 1157 25‘
528 1096 580 1154 lat.
611 1094 810 1175 agricolarum
841 1115 910 1175 spes
935 1095 1014 1155 coeli
1033 1095 1073 1155 in·

152 1198 241 1279 juriis
271 1204 332 1256 tarn
358 1216 448 1276 sccpe
469 1196 612 1255 frustrata
634 1204 692 1271 est,
715 1203 748 1256 ut
765 1197 826 1277 jam
847 1199 935 1278 plane
957 1197 1072 1257 destite-
1099 1174 1106 1245 f

155 1298 216 1359 rint
236 1319 347 1359 serere.
393 1298 488 1373 Tibe,
513 1295 818 1380 666610666661600)
840 1305 918 1360 teste
944 1299 977 1359 in
1000 1302 1071 1360 llos·

155 1403 220 1462 siae
237 1404 411 1482 Europaeae
434 1402 509 1462 locis
528 1402 615 1467 etiam
637 1401 852 1461 borealioribus
875 1400 1071 1477 occurrit,in

156 1504 265 1563 Sibiria
285 1505 376 1563 multo
399 1504 481 1583 prius
505 1524 639 1563 creseere
671 1503 795 1576 desiuit,
827 1502 1070 1583 1663616666
1098 1502 1106 1537 ·'

154 1604 300 1665 Rossicas
324 1602 475 1687 (Worste)
497 1605 575 1666 infra
597 1607 749 1680 'Pobolslr,
774 1606 872 1666 idest
898 1606 1019 1666 circiter
1038 1602 1070 1667 61
1098 1632 1102 1641 ’

151 1709 213 1771 ’590
233 1708 285 1767 lat.
317 1704 429 1787 ¹Prope
450 1710 613 1782 Beresow,
645 1708 698 1769 sub
721 1709 778 1772 640
799 1709 871 1782 lat,
904 1710 1070 1769 lletnlarun
1104 1732 1106 1739 ·

156 1811 289 1871 Abietum
317 1816 348 1870 et
380 1810 566 1871 Combrarum
597 1812 696 1891 sylvae
719 1810 873 1871 altitudine
893 1810 985 1871 minui
1008 1830 1069 1872 coc·

153 1920 270 1993 perant.
315 1912 424 1973 lbidem
454 1914 501 1973 die
533 1920 572 1974 11
602 1913 692 1972 lunio
725 1909 899 1994 (calendarii
925 1914 956 1974 ni
986 1913 1069 1979 fallor

153 2010 287 2096 Rossioi)
320 2016 427 2076 Betula
457 2014 645 2075 frondescere
675 2015 842 2095 incipiebat.
886 2015 989 2096 Prope
1016 2016 1067 2077 llb-
1097 2054 1100 2059 -

154 2116 256 2189 dorsk‚
281 2116 335 2175 sub
358 2114 417 2178 660
443 2119 507 2191 33‘,
529 2117 622 2177 Pinus
645 2118 769 2177 Cambra
786 2118 847 2197 jam
869 2119 908 2178 ad
926 2118 1064 2199 2666161
1099 2134 1106 2159 ···

89 2278 93 2285 ,
155 2218 272 2277 circiter
294 2218 473 2297 deprimitur,
497 2226 526 2278 et
548 2220 625 2278 baud
641 2222 744 2298 procul
762 2221 866 2280 abhinc
884 2240 949 2280 cunr
967 2220 1064 2280 Betula

155 2326 187 2380 et
215 2320 315 2380 Sorbo
344 2321 452 2380 sensim
479 2322 637 2383 evanescit.
682 2322 807 2382 Ultimus
835 2323 951 2383 Abietis
973 2320 1062 2383 terai-
1104 2348 1106 2353 ·

154 2443 209 2487 nus
230 2429 277 2482 ost
298 2423 334 2481 ad
356 2424 480 2483 rivulum
502 2423 724 2502 Stselrutscbja,
760 2433 822 2487 200
843 2427 944 2485 leucas
968 2423 1061 2486 Rossi·
1094 2454 1106 2487 ·.

155 2544 206 2583 eas
228 2524 304 2583 infra
327 2526 479 2598 0bdorsk3
513 2533 544 2585 et
566 2527 603 2585 ad
623 2526 782 2604 Lesnajom
803 2527 946 2603 rivulum,
987 2544 1061 2609 quen
1096 2522 1106 2623 j

148 2627 210 2706 jam
237 2648 316 2686 mare
347 2629 474 2708 glaciale
497 2628 622 2707 exeipit,
654 2629 779 2687 omnium
806 2629 926 2690 ultimae
946 2628 1059 2690 Larices
1083 2624 1106 2791 1

153 2735 183 2786 et
204 2729 271 2787 Alni
298 2729 420 2789 incanae
451 2730 530 2790 humi
557 2737 724 2811 prostratae
746 2731 944 2793 offenduntur.
986 2732 1059 2792 blare

151 2831 247 2908 ipsum
275 2832 348 2891 nulli
375 2832 505 2891 ambiunt
530 2832 670 2906 frutices,
706 2833 763 2893 nisi
785 2834 901 2894 Salices
928 2833 1057 2915 quaedam
1090 2880 1106 2907 ,

149 2951 331 3012 pygmaeae,
355 2935 432 2992 Rubi
453 2942 484 2993 ct
505 2935 631 2995 arcticus
654 2943 684 2995 et
706 2938 951 3011 Chamsernorus,
974 2937 1057 2998 Arbu-

150 3040 199 3094 tus
221 3035 319 3114 alpina
341 3041 371 3094 et
391 3038 557 3115 Empetrum
579 3039 713 3118 nigrum3
736 3040 832 3099 Musei
853 3040 917 3100 fere
938 3040 996 3100 soli
1015 3039 1055 3097 de·
1098 3068 1102 3075 ·

150 3144 259 3197 sertam
280 3138 414 3217 paludem
437 3147 590 3219 occupant.
636 3142 731 3213 (luae,
755 3142 813 3201 nisi
834 3151 977 3223 perpetuo
997 3162 1054 3202 eon·
1087 3094 1105 3229 ἱ

151 3240 253 3319 gelata
274 3241 402 3320 rigeret,
435 3262 491 3302 nec
511 3244 590 3303 ultra
611 3243 783 3323 spithamam
805 3251 922 3307 aestate
940 3262 1053 3328 unquam
1092 3278 1100 3321 ς

144 3410 358 3422 --—-
797 3428 801 3439 .
1091 3336 1103 3441 l

216 3497 239 3554 'l
274 3500 306 3545 In
321 3497 380 3549 ltin.
398 3500 472 3546 laud.
491 3500 635 3550 10666111.
653 3514 711 3563 pag.
732 3500 766 3550 14
782 3516 841 3564 sqq.

218 3565 255 3622 “l
289 3567 384 3617 Florae
400 3568 502 3618 Roscio.
520 3569 585 3625 edit.
603 3569 669 3620 rain.
687 3571 766 3620 ’10666
784 3572 819 3621 ll.
837 3572 899 3635 pag.
920 3572 962 3625 11.
