2228 4020
123 339 178 382 Ἰν

143 485 207 553 sim
224 488 581 564 commemorarentur,
603 479 651 545 ita
671 486 709 544 ut
721 478 1066 566 completiorisflorae

144 636 396 707 Labraderieae
415 634 510 699 initia
523 631 653 698 fierent.
685 630 869 717 Postquam
885 633 972 698 enim
995 633 1067 699 sive

63 781 65 786 ¹
147 788 392 879 geographicas
404 786 605 873 plantarum,
628 785 698 850 sive
710 782 885 850 betanieas
899 793 1066 850 terrarum

148 940 353 1011 conditiones
366 937 523 1005 attentius
542 937 756 1002 considerare
779 958 935 1023 coepere,
957 937 1067 1002 nuilus

149 1104 314 1161 terrarum
332 1088 474 1175 angulus
496 1089 580 1154 adeo
594 1088 696 1153 miser
715 1097 814 1174 atque
829 1086 979 1169 abjectus
1003 1098 1065 1173 est,

102 1330 105 1339 s
150 1247 244 1328 eujus
265 1243 349 1308 dora
365 1264 431 1308 non
444 1241 565 1327 aliquid
580 1239 752 1324 tribueret,
775 1241 819 1306 ad
842 1244 1067 1306 exornandam

150 1405 281 1464 vastam
303 1395 411 1478 illam,
444 1415 543 1480 quam
563 1393 781 1478 inehoavere,
809 1402 949 1459 naturae
969 1415 1070 1480 vege·

153 1548 264 1614 tabilis
292 1545 482 1630 imaginem.

163 1648 178 1799 ἢ,
238 1697 392 1786 Inprimis
419 1697 531 1784 itaque
558 1694 785 1796 inquirendum
814 1705 903 1782 erat,
936 1696 1070 1762 ubinam

157 1805 308 1940 quaeque
335 1851 435 1936 stirps
461 1847 694 1915 Labraderiea
720 1857 754 1914 et
776 1856 871 1916 extra
899 1849 994 1930 hujus
1014 1849 1070 1914 sso-

157 2024 218 2099 rae
251 2001 336 2067 fines
375 2009 562 2084 cresceret,
608 1999 663 2065 ubi
696 2022 853 2066 ereseere
894 2001 1071 2067 desineret.

159 2155 233 2221 Nee
253 2175 309 2219 me
329 2152 491 2239 poenituit
512 2173 653 2238 operae,
690 2172 790 2238 quum
817 2172 895 2217 max
921 2155 1005 2217 adeo
1028 2153 1072 2218 di-

159 2326 278 2372 versas
305 2326 382 2370 esse
417 2286 622 2369 diversaium
649 2303 796 2389 stirpium
832 2326 931 2370 areas
958 2307 1074 2389 depre-

155 2458 359 2539 henderem,
392 2463 430 2520 ut
446 2476 563 2541 -neqne
597 2452 792 2523 observatas
820 2476 897 2520 esse
919 2452 1074 2520 memine-

162 2562 254 2691 ram,
289 2626 395 2691 neque
424 2627 467 2671 ex
486 2605 573 2672 netis
605 2605 727 2671 eeleris
748 2608 840 2672 a'e'rei
859 2607 1075 2672 varietatibus

164 2757 247 2824 satis
268 2754 539 2843 explieariposse
554 2756 748 2824 arbitrabar.
793 2757 888 2833 Quae
900 2769 937 2824 ut
956 2758 1075 2824 melius

165 2907 201 2974 in
226 2916 441 2994 eonspeetum
470 2908 637 2994 venirent,
679 2917 713 2974 et
738 2930 782 2974 ne
809 2909 886 2995 quid
918 2910 1076 2995 opusculo

166 3080 242 3125 meo
270 3059 391 3126 deesse
411 3057 596 3144 videretur,
636 3062 721 3146 quod
747 3071 785 3126 ut
812 3064 856 3126 ad
881 3083 954 3127 rem
979 3061 1079 3147 perti·

77 3282 79 3287 ,
166 3231 251 3277 nens
274 3218 542 3296 exspeetaretur,
578 3210 755 3279 botanieae
775 3213 863 3297 parti
882 3213 1080 3298 geographi-

168 3380 262 3446 eem,
299 3327 461 3426 ambabus
490 3361 925 3449 geographico-botanieam
957 3364 1079 3447 addidi,

168 3532 366 3602 omnemque
392 3511 558 3580 scribendi
582 3514 774 3601 materiem,
810 3514 901 3584 initio
932 3523 1080 3599 tenuem,
